@COMMENT{svntag,
  id =           "$Id",
}
@STRING{aa	= "A\&A" }
@STRING{aap	= "A\&A" }
@STRING{aapr	= "A\&A~Rev." }
@STRING{aara        = "ARA\&A" }
@STRING{aaps	= "Astron. Astrophys. Supp." }
@STRING{aapss	= "A\&AS" }
@STRING{advp	= "Adv. Phys." }
@STRING{aj	= "AJ" }
@STRING{ajp	= "Am. J. Phys." }
@STRING{annrevaa= "ARA\&A" }
@STRING{ao	= "Appl. Opt." }
@STRING{ao	= "Appl.~Opt." }
@STRING{apj	= "ApJ" }
@STRING{apjl	= "ApJL" }
@STRING{apjs	= "ApJS" }
@STRING{apjsupp	= "ApJS" }
% Astronomy and Astrophysics, Supp
@STRING{apl	= "Appl. Phys. Lett." }
@STRING{apss	= "Ap\&SS" }
% Astronomicheskii Zhurnal
@STRING{astzh	= "AZh" }
@STRING{azh	= "AZh" }
@STRING{baas	= "BAAS" }
% Bulletin AAS
@STRING{baps	= "Bull. Am. Phys. Soc." }
@STRING{cpc	= "Computer Phys. Comm." }
@STRING{cppcf	= "Comments Plasma Phys. Controlled Fusion" }
@STRING{cqg	= "Class. Quantum Grav." }
@STRING{cup	= "Cambridge University Press" }
@STRING{fed	= "Fusion Eng. Design" }
@STRING{ft	= "Fusion Tech." }
@STRING{grg	= "Gen. Relativ. Gravit." }
@STRING{ieeens	= "IEEE Trans. Nucl. Sci." }
@STRING{ieeeps	= "IEEE Trans. Plasma Sci." }
@STRING{ijimw	= "Int. J. Infrared Millimeter Waves" }
@STRING{ijmpa	= "Int. J. Mod. Phys. A" }
@STRING{ijmpd	= "Int. J. Mod. Phys. D" }
@STRING{ip	= "Infrared Phys." }
@STRING{jap	= "J. Appl. Phys." }
@STRING{jcp	= "J. Comput. Phys." }
@STRING{jetp	= "Sov. Phys.-JETP" }
@STRING{jfe	= "J. Fusion Energy" }
@STRING{jfm	= "J. Fluid Mech." }
@STRING{jgr	= "J. Geophys. Res." }
@STRING{jmp	= "J. Math. Phys." }
@STRING{jne	= "J. Nucl. Energy" }
@STRING{jnec	= "J. Nucl. Energy, Part C" }
@STRING{jnm	= "J. Nucl. Mater." }
@STRING{josa	= "J. Opt. Soc. Am." }
@STRING{jpp	= "J. Plasma Phys." }
@STRING{jpsj	= "J. Phys. Soc. Jpn" }
@STRING{jrasc	= "JRASC" }
@STRING{jvst	= "J. Vac. Sci. Technol." }
% Journal of the RAS of Canada
@STRING{memras	= "MmRAS" }
% Memoirs of the RAS
@STRING{mnras	= "{MNRAS}" }
% Monthly Notices of the RAS
@STRING{nature	= "Nature" }
@STRING{nar = "New Astronomy Reviews"}
@STRING{nedf	= "Nucl. Eng. Design/Fusion" }
@STRING{nf	= "Nucl. Fusion" }
@STRING{nim	= "Nucl. Instrum. Methods" }
@STRING{nimpr	= "Nucl. Instrum. Methods Phys. Research" }
@STRING{nphysa	= "Nucl.~Phys~A" }
@STRING{nt/f	= "Nucl. Tech./Fusion" }
@STRING{pasa = "Publications of the Astronomical Society of Australia"}
@STRING{pasj	= "{PASJ}" }
@STRING{pasp	= "PASP" }
% Publications of the ASJ
@STRING{pf	= "Phys. Fluids" }
@STRING{pfa	= "Phys. Fluids A" }
@STRING{pfb	= "Phys. Fluids B" }
@STRING{pl	= "Phys. Lett." }
@STRING{pla	= "Phys. Lett. A" }
@STRING{planss	= "Planetary Space Science" }
@STRING{plb	= "Phys. Lett. B" }
@STRING{pnas	= "Proc. Nat. Acad. Sci. USA" }
@STRING{pp	= "Plasma Phys." }
@STRING{ppcf	= "Plasma Phys. Controlled Fusion" }
@STRING{pr	= "Phys. Rev." }
@STRING{pra	= "Phys. Rev. A" }
@STRING{prb	= "Phys. Rev. B" }
@STRING{prc	= "Phys. Rev. C" }
@STRING{prd	= "Phys. Rev. D" }
@STRING{prep	= "Phys. Rep." }
@STRING{prl	= "Phys. Rev. Lett." }
@STRING{ps	= "Physica Scripta" }
@STRING{pt       = "Phys. Today" }
@STRING{qjras	= "{QJRAS}" }
% Quarterly Journal of the RAS
@STRING{rmp	= "Rev. Mod. Phys." }
@STRING{rsi	= "Rev. Sci. Instrum." }
@STRING{sc	= "Science" }
@STRING{sjpp	= "Sov. J. Plasma Phys." }
@STRING{skytel	= "{S\&T}" }
% Sky and Telescope
@STRING{solphys	= "{Sol.~Phys.}" }
% Solar Physics
@STRING{sovast	= "{Soviet~Ast.}" }
% Soviet Astronomy
@STRING{sp	= "Sol. Phys." }
@STRING{spd	= "Sov. Phys.-Dokl." }
@STRING{sptp	= "Sov. Phys.-Tech. Phys." }
@STRING{spu	= "Sov. Phys.-Usp." }
@STRING{ssr	= "Space Sci. Rev." }
@STRING{ssr	= "{Space~Sci.~Rev.}" }
% Space Science Reviews
@STRING{zap	= "{ZAp}" }
% Zeitschrift fuer Astrophysik
